<record xmlns="http://www.loc.gov/MARC21/slim" xmlns:xsi="http://www.w3.org/2001/XMLSchema-instance" xsi:schemaLocation="http://www.loc.gov/MARC21/slim http://www.loc.gov/standards/marcxml/schema/MARC21slim.xsd">

  <leader>01140nam a2200229   4500</leader>
  <controlfield tag="008">160613b2013    cr a|||| |||| 00| | spa d</controlfield>
  <datafield tag="090" ind1=" " ind2=" ">
    <subfield code="a">03.02.05 </subfield>
    <subfield code="b">2219 </subfield>
  </datafield>
  <datafield ind2=" " ind1="1" tag="100">
    <subfield code="9">1834</subfield>
    <subfield code="a">Fischel Volio, Astrid </subfield>
  </datafield>
  <datafield tag="245" ind2="1" ind1="0">
    <subfield code="a">Promoción de condiciones de vida digna en la Región Huetar Norte y Heredia de Costa Rica / </subfield>
    <subfield code="c">Astrid Fischel Volio, Gilberto Guzmán Saborío y Ana Maritza Barahona Martínez</subfield>
  </datafield>
  <datafield tag="246" ind1=" " ind2=" ">
    <subfield code="a">Pinceladas históricas de la Región Huetar Norte y Heredia </subfield>
  </datafield>
  <datafield tag="260" ind2=" " ind1=" ">
    <subfield code="a">[Costa Rica] : </subfield>
    <subfield code="b">Fundación ciudadanía activa,</subfield>
    <subfield code="c"> 2013 </subfield>
  </datafield>
  <datafield tag="300" ind2=" " ind1=" ">
    <subfield code="a">51 páginas; </subfield>
    <subfield code="b">ilustraciones</subfield>
  </datafield>
  <datafield ind1=" " ind2=" " tag="500">
    <subfield code="a"> Proyecto financiado por el fondo especial de Japón - Programa para la reducción de la pobreza y administrado por el Banco Interamericano de Desarrollo (BID)</subfield>
  </datafield>
  <datafield ind1="1" ind2="4" tag="650">
    <subfield code="9">786</subfield>
    <subfield code="a">CONDICIONES DE VIDA</subfield>
  </datafield>
  <datafield ind2="4" ind1="1" tag="650">
    <subfield code="9">1835</subfield>
    <subfield code="a">NECESIDADES BÁSICAS</subfield>
  </datafield>
  <datafield ind2="4" ind1=" " tag="651">
    <subfield code="9">1838</subfield>
    <subfield code="a">SARAPIQUI (ALAJUELA, COSTA RICA)</subfield>
  </datafield>
  <datafield ind2="4" ind1=" " tag="651">
    <subfield code="9">1839</subfield>
    <subfield code="a">LA VIRGEN, SARAPIQUI (HEREDIA, COSTA RICA)</subfield>
  </datafield>
  <datafield ind1=" " ind2="4" tag="651">
    <subfield code="9">1840</subfield>
    <subfield code="a">RIO CUARTO, GRECIA (ALAJUELA, COSTA RICA)</subfield>
  </datafield>
  <datafield ind1="1" ind2=" " tag="700">
    <subfield code="9">1836</subfield>
    <subfield code="a">Guzmán Saborío, Gilberto</subfield>
  </datafield>
  <datafield tag="700" ind1="1" ind2=" ">
    <subfield code="9">1837</subfield>
    <subfield code="a">Barahona Martínez, Ana Maritza </subfield>
  </datafield>
  <datafield tag="942" ind2=" " ind1=" ">
    <subfield code="2">z</subfield>
    <subfield code="c">01</subfield>
  </datafield>
  <datafield ind1=" " ind2=" " tag="999">
    <subfield code="c">3248</subfield>
    <subfield code="d">3248</subfield>
  </datafield>
</record>